<record xmlns="http://www.loc.gov/MARC21/slim">
   <leader>04915nam a2200541 i 4500</leader>
   <controlfield tag="001">6771831</controlfield>
   <controlfield tag="005">20141224145117.0</controlfield>
   <controlfield tag="006">m    eo  d        </controlfield>
   <controlfield tag="007">cr cn |||m|||a</controlfield>
   <controlfield tag="008">141224s2015    caua   foab   000 0 eng d</controlfield>
   <datafield ind1=" " ind2=" " tag="020">
      <subfield code="a">9781627056526</subfield>
      <subfield code="q">ebook</subfield>
   </datafield>
   <datafield ind1=" " ind2=" " tag="020">
      <subfield code="z">9781627056519</subfield>
      <subfield code="q">print</subfield>
   </datafield>
   <datafield ind1="7" ind2=" " tag="024">
      <subfield code="a">10.2200/S00614ED1V01Y201411SWE003</subfield>
      <subfield code="2">doi</subfield>
   </datafield>
   <datafield ind1=" " ind2=" " tag="039">
      <subfield code="a">exclude</subfield>
   </datafield>
   <datafield ind1=" " ind2=" " tag="040">
      <subfield code="a">CaBNVSL</subfield>
      <subfield code="b">eng</subfield>
      <subfield code="e">rda</subfield>
      <subfield code="c">CaBNVSL</subfield>
      <subfield code="d">CaBNVSL</subfield>
      <subfield code="d">AEU</subfield>
   </datafield>
   <datafield ind1=" " ind2="4" tag="050">
      <subfield code="a">QA76.774.I67</subfield>
      <subfield code="b">T557 2015</subfield>
   </datafield>
   <datafield ind1="0" ind2="4" tag="082">
      <subfield code="a">004.167</subfield>
      <subfield code="2">23</subfield>
   </datafield>
   <datafield ind1=" " ind2=" " tag="090">
      <subfield code="a">Internet Access</subfield>
      <subfield code="b">AEU</subfield>
   </datafield>
   <datafield ind1="1" ind2=" " tag="100">
      <subfield code="a">Tilley, Scott R.</subfield>
      <subfield code="q">(Scott Robert),</subfield>
      <subfield code="d">1964-,</subfield>
      <subfield code="e">author.</subfield>
   </datafield>
   <datafield ind1="1" ind2="0" tag="245">
      <subfield code="a">Testing iOS apps with HadoopUnit :</subfield>
      <subfield code="b">rapid distributed GUI testing /</subfield>
      <subfield code="c">Scott Tilley, Krissada Dechokul.</subfield>
   </datafield>
   <datafield ind1=" " ind2="1" tag="264">
      <subfield code="a">San Rafael, California (1537 Fourth Street, San Rafael, CA  94901 USA) :</subfield>
      <subfield code="b">Morgan &amp; Claypool,</subfield>
      <subfield code="c">2015.</subfield>
   </datafield>
   <datafield ind1=" " ind2=" " tag="300">
      <subfield code="a">1 online resource (xix, 83 pages) :</subfield>
      <subfield code="b">illustrations.</subfield>
   </datafield>
   <datafield ind1=" " ind2=" " tag="336">
      <subfield code="a">text</subfield>
      <subfield code="2">rdacontent</subfield>
   </datafield>
   <datafield ind1=" " ind2=" " tag="337">
      <subfield code="a">electronic</subfield>
      <subfield code="2">isbdmedia</subfield>
   </datafield>
   <datafield ind1=" " ind2=" " tag="338">
      <subfield code="a">online resource</subfield>
      <subfield code="2">rdacarrier</subfield>
   </datafield>
   <datafield ind1="1" ind2=" " tag="490">
      <subfield code="a">Synthesis lectures on software engineering,</subfield>
      <subfield code="x">2328-3327 ;</subfield>
      <subfield code="v"># 3</subfield>
   </datafield>
   <datafield ind1=" " ind2=" " tag="500">
      <subfield code="a">Part of: Synthesis digital library of engineering and computer science.</subfield>
   </datafield>
   <datafield ind1=" " ind2=" " tag="504">
      <subfield code="a">Includes bibliographical references (pages 77-82).</subfield>
   </datafield>
   <datafield ind1="0" ind2=" " tag="505">
      <subfield code="a">1. Introduction -- 1.1 GUI testing of iOS apps -- 1.2 Rapid testing with HadoopUnit -- 1.3 Related work -- 1.3.1 GUI testing tools -- 1.3.2 Distributed testing platforms --</subfield>
   </datafield>
   <datafield ind1="8" ind2=" " tag="505">
      <subfield code="a">2. Background -- 2.1 Software testing -- 2.1.1 Regression testing -- 2.1.2 GUI testing -- 2.2 UI automation -- 2.2.1 UI automation script -- 2.2.2 Command-line workflow with UI automation -- 2.2.3 Rake -- 2.2.4 Virtualization -- 2.3 Hadoop and HadoopUnit -- 2.3.1 Hadoop -- 2.3.2 HadoopUnit --</subfield>
   </datafield>
   <datafield ind1="8" ind2=" " tag="505">
      <subfield code="a">3. Using UI automation with Apache Hadoop -- 3.1 UI automation test suites -- 3.1.1 Test case design -- 3.1.2 Test case analysis -- 3.2 Apache Hadoop customization -- 3.2.1 Operational environment -- 3.2.2 Test results -- 3.2.3 Revised architecture -- 3.3 Using HadoopUnit -- 3.3.1 Test case list -- 3.3.2 Rake -- 3.3.3 Test execution --</subfield>
   </datafield>
   <datafield ind1="8" ind2=" " tag="505">
      <subfield code="a">4. Rapid GUI testing of iOS apps -- 4.1 Experiments -- 4.2 Discussion of results -- 4.3 Threats to validity -- 4.3.1 Test suites -- 4.3.2 Hadoop optimization -- 4.3.3 Network issues --</subfield>
   </datafield>
   <datafield ind1="8" ind2=" " tag="505">
      <subfield code="a">5. Summary -- 5.1 Summary of results -- 5.1.1 Research objectives -- 5.1.2 Research contributions -- 5.2 Future work -- 5.3 Concluding remarks --</subfield>
   </datafield>
   <datafield ind1="8" ind2=" " tag="505">
      <subfield code="a">Appendix A. Setting up a HadoopUnit cluster on Mac OS X -- Appendix B. HadoopUnit source code for iOS GUI testing -- References -- About the authors.</subfield>
   </datafield>
   <datafield ind1=" " ind2=" " tag="506">
      <subfield code="a">Access restricted to authorized users and institutions.</subfield>
   </datafield>
   <datafield ind1="3" ind2=" " tag="520">
      <subfield code="a">Smartphone users have come to expect high-quality apps. This has increased the importance of software testing in mobile software development. Unfortunately, testing apps--particularly the GUI--can be very time-consuming. Exercising every user interface element and verifying transitions between different views of the app under test quickly becomes problematic. For example, execution of iOS GUI test suites using Apple's UI Automation framework can take an hour or more if the app's interface is complicated. The longer it takes to run a test, the less frequently the test can be run, which in turn reduces software quality. This book describes how to accelerate the testing process for iOS apps using HadoopUnit, a distributed test execution environment that leverages the parallelism inherent in the Hadoop platform. HadoopUnit was previously used to run unit and system tests in the cloud. It has been modified to perform GUI testing of iOS apps on a small-scale cluster--a modest computing infrastructure available to almost every developer. Experimental results have shown that distributed test execution with HadoopUnit can significantly outperform the test execution on a single machine, even if the size of the cluster used for the execution is as small as two nodes. This means that the approach described in this book could be adopted without a huge investment in IT resources. HadoopUnit is a cost-effective solution for reducing lengthy test execution times of system-level GUI testing of iOS apps.</subfield>
   </datafield>
   <datafield ind1=" " ind2=" " tag="588">
      <subfield code="a">Title from PDF title page (viewed on December 24, 2014).</subfield>
   </datafield>
   <datafield ind1=" " ind2=" " tag="596">
      <subfield code="a">44</subfield>
   </datafield>
   <datafield ind1="0" ind2="0" tag="630">
      <subfield code="a">iOS (Electronic resource)</subfield>
   </datafield>
   <datafield ind1="0" ind2="0" tag="630">
      <subfield code="a">Apache Hadoop.</subfield>
   </datafield>
   <datafield ind1=" " ind2="0" tag="650">
      <subfield code="a">iPhone (Smartphone)</subfield>
      <subfield code="x">Mobile apps</subfield>
      <subfield code="x">Testing.</subfield>
   </datafield>
   <datafield ind1=" " ind2="0" tag="650">
      <subfield code="a">Mobile apps</subfield>
      <subfield code="x">Testing.</subfield>
   </datafield>
   <datafield ind1="1" ind2=" " tag="700">
      <subfield code="a">Dechokul, Krissada.,</subfield>
      <subfield code="e">author.</subfield>
   </datafield>
   <datafield ind1=" " ind2="0" tag="830">
      <subfield code="a">Synthesis digital library of engineering and computer science.</subfield>
   </datafield>
   <datafield ind1=" " ind2="0" tag="830">
      <subfield code="a">Synthesis lectures on software engineering ;</subfield>
      <subfield code="v"># 3.</subfield>
      <subfield code="x">2328-3327</subfield>
   </datafield>
   <datafield ind1="4" ind2="0" tag="856">
      <subfield code="3">University of Alberta Access</subfield>
      <subfield code="u">http://dx.doi.org/10.2200/S00614ED1V01Y201411SWE003</subfield>
   </datafield>
   <datafield ind1=" " ind2=" " tag="949">
      <subfield code="h">UAIN</subfield>
      <subfield code="z">SYNTHDIG</subfield>
   </datafield>
   <datafield ind1=" " ind2=" " tag="926">
      <subfield code="a">Internet Access</subfield>
      <subfield code="w">LC</subfield>
      <subfield code="c">1</subfield>
      <subfield code="i">6771831-1001</subfield>
      <subfield code="l">INTERNET</subfield>
      <subfield code="m">UAINTERNET</subfield>
      <subfield code="r">Y</subfield>
      <subfield code="s">Y</subfield>
      <subfield code="t">E-RESOURCE</subfield>
      <subfield code="u">1/9/2015</subfield>
      <subfield code="x">E-BOOK</subfield>
      <subfield code="z">SYNTHDIG</subfield>
   </datafield>
</record>
